@inbook{
	Levenshtein,
	author="Левенштейн, В. И.",
	title="Двоичные коды с исправлением выпадений, вставок и замещений символов",
	publisher="Доклады АН СССР",
	volume=163,
	chapter = 4,
	pages = "845--848",
	language = "russian",
	year = 1965
}

@book{
	Gasfield,
	author="Гасфилд",
	title="Строки, деревья и последовательности в алгоритмах. Информатика и вычислительная биология",
	publisher="Невский Диалект БВХ-Петербург",
	year=2003
}

@manual{
	Kurnosov,
	author="Михаил Курносов",
	title="Использование Time-Stamp Counter для измерения времени выполнения кода на процессорах с архитектурой Intel 64 и IA-32",
	organization="Центр параллельных вычислительных технологий Сибирский государственный университет телекоммуникаций и информатики",
	address="Новосибирск",
	year=2014
}

@misc{
	ifmo,
	title="Задача о редакционном расстоянии, алгоритм Вагнера-Фишера",
	howpublished="Режим доступа: \url{shorturl.at/AD469}",
	note="Дата обращения: 15.10.2019"
}

@misc{cpp17,
	title="Working Draft, Standard for ProgrammingLanguage C++",
	howpublished="Режим доступа: \url{http://www.open-std.org/jtc1/sc22/wg21/docs/papers/2017/n4713.pdf}",
	note="Дата обращения: 15.10.2019"
}
