@article{
	Coppersmith,
	author="Don Coppersmith and Shmuel Winograd",
	title="Matrix multiplication via arithmetic progressions",
	journal="Journal of Symbolic Computation",
	number=9,
	pages="251--280",
	language="english",
	year=1990,
}

@article{
	Cohn,
	author="Henry Cohn and Robert Kleinberg and Balazs Szegedy and Chris Umans",
	title="Group-theoretic Algorithms for Matrix Multiplication",
	journal="Proceedings of the 46th Annual Symposium on Foundations of Computer Science",
	pages="379--388",
	language="english",
	year=2005,
	month="October"
}

@article{
	Robinson,
	author="Robinson, Sara",
	title="Toward an Optimal Algorithm for Matrix Multiplication",
	journal="SIAM News",
	volume=38,
	number=9,
	language="english",
	year=2005,
	month="November"
}

@article{
	Strassen,
	author="Strassen, Volker",
	title="Gaussian Elimination is not Optimal",
	journal="Numerische Mathematik",
	volume=13,
	number=9,
	pages="354--356",
	language="english",
	year=2005
}

@misc{
	cpp17,
	title="Working Draft, Standard for ProgrammingLanguage C++",
	howpublished="URL: \url{http://www.open-std.org/jtc1/sc22/wg21/docs/papers/2017/n4713.pdf}",
	year=2017
}

@article{
	Pogorelov,
	author="Погорелов, Дмитрий Александрович",
	title="Оптимизация классического алгоритма Винограда для перемножения матриц",
	journal="Журнал №1",
	volume=49,
	year=2019
}

@misc{
	intel,
	title="Введение в технологии параллельного программирования",
	howpublished="URL: \url{https://software.intel.com/ru-ru/articles/writing-parallel-programs-a-multi-language-tutorial-introduction/} (дата обращения: 24.11.2019)",
}

@article{
	Olukotun,
	author="Kunle Olukotun",
	title="Chip Multiprocessor Architecture — Techniques to Improve Throughput and Latency",
	journal="Morgan and Claypool Publishers",
	pages="154",
	language="english",
	year=2007
}

@article{
	Nemirovsky,
	author="Mario Nemirovsky, Dean M. Tullsen",
	title="Multithreading Architecture",
	journal="Morgan and Claypool Publishers",
	language="english",
	year=2013
}