@article{Coppersmith,
author = "Don Coppersmith and Shmuel Winograd",
title = "Matrix multiplication via arithmetic progressions",
journal = "Journal of Symbolic Computation",
number = 9,
pages = "251--280",
language = "english",
year = 1990,
}

@article{Cohn,
author = "Henry Cohn and Robert Kleinberg and Balazs Szegedy and Chris Umans",
title = "Group-theoretic Algorithms for Matrix Multiplication",
journal = "Proceedings of the 46th Annual Symposium on Foundations of Computer Science",
pages = "379--388",
language = "english",
year = 2005,
month = "October"
}

@article{Robinson,
author = "Robinson, Sara",
title = "Toward an Optimal Algorithm for Matrix Multiplication",
journal = "SIAM News",
volume = 38,
number = 9,
language = "english",
year = 2005,
month = "November"
}
