@misc{
	go,
	title="Dan Gorby. Multi-thread For Loops Easily and Safely in Go",
	howpublished="URL: \url{https://medium.com/@greenraccoon23/multi-thread-for-loops-easily-
	and-safely-in-go-a2e915302f8b} (дата обращения: 28.11.2019)"
}

@book{
	Knut,
	author="Дональд Кнут",
	title="Сортировка и поиск",
	publisher="Вильямс",
	volume=3,
	series="Искусство программирования",
	year=2000,
	pages=834
}

@misc{
	sort-benchmark,
	title="Sort Benchmark",
	howpublished="URL: \url{http://sortbenchmark.org/} (дата обращения: 25.11.2019)"
}

@book{
	Kormen,
	author="Кормен, Т., Лейзерсон, Ч., Ривест, Р., Штайн, К.",
	title="Алгоритмы: построение и анализ",
	publisher="Вильямс",
	year=2013
}

@misc{
	cpp17,
	title="Working Draft, Standard for Programming Language C++",
	howpublished="URL: \url{http://www.open-std.org/jtc1/sc22/wg21/docs/papers/2017/n4713.pdf}",
	year=2017
}

@article{
	Nemirovsky,
	author="Mario Nemirovsky, Dean M. Tullsen",
	title="Multithreading Architecture",
	journal="Morgan and Claypool Publishers",
	language="english",
	year=2013
}