@misc{
	cpp17,
	title="Working Draft, Standard for Programming Language C++",
	howpublished="URL: \url{http://www.open-std.org/jtc1/sc22/wg21/docs/papers/2017/n4713.pdf}",
	year=2017
}

@book{
	Gusfield,
	author="Гасфилд Д.",
	title="Строки, деревья и последовательности в алгоритмах: Информатика и вычислительная биология",
	publisher="СПб.: Невский Диалект",
	year=2003,
	pages=654
}

@book{
	Smyth,
	author="Смит Б.",
	title="Методы и алгоритмы вычислений на строках",
	publisher="М.: Вильямс",
	year=2006,
	pages=456
}

@book{
	Okulov,
	author="Окулов С. М.",
	title="Алгоритмы обработки строк",
	publisher="М.: Бином",
	year=2013,
	pages=255
}

@book{
	Kormen,
	author="Кормен, Т., Лейзерсон, Ч., Ривест, Р., Штайн, К.",
	title="Алгоритмы: построение и анализ",
	publisher="М.: Вильямс",
	year=2005,
	pages=1296
}

@article{
	Knuth,
	author="Donald Knuth; James H. Morris, Jr, Vaughan Pratt.",
	title="Fast pattern matching in strings",
	journal="SIAM Journal on Computing",
	language="english",
	year=1977,
	volume=6,
	number=2,
	pages={323-350}
}

@article{
	Boyer,
	author="Boyer R. S., Moore J. S.",
	title="A fast string searching algorithm",
	journal="Communications of the ACM",
	language="english",
	year=1977,
	volume=20,
	number=10,
	pages={762-772}
}
