@misc{
	cpp17,
	title="Working Draft, Standard for Programming Language C++",
	howpublished="URL: \url{http://www.open-std.org/jtc1/sc22/wg21/docs/papers/2017/n4713.pdf}",
	year=2017
}

@misc{
	TSPr,
	howpublished="URL: \url{http://www.math.nsc.ru/LBRT/k5/OR-MMF/TSPr.pdf} (дата обращения: 25.11.2019)",
}

@book{
	Mueller,
	author="H. Mueller-Merbach",
	title="Zweimal travelling Salesman",
	publisher="DGOR-Bulletin",
	year=1983
}

@book{
	Levitin,
	author="Левитин А.",
	title="Алгоритмы: введение в разработку и анализ",
	publisher="Вильямс",
	pages=575,
	year=2006
}

@book{
	Dorigo,
	author="M. Dorigo",
	title="Ottimizzazione, apprendimento automatico, ed algoritmi basati su metafora naturale (Optimization, Learning, and Natural Algorithms)",
	publisher="Politecnico di Milano",
	year=1992
}

@book{
	Bonabeau,
	author="E. Bonabeau, M. Dorigo et G. Theraulaz",
	title="Swarm Intelligence: From Natural to Artificial Systems",
	publisher="Oxford University Press",
	pages=320,
	year=1999
}
